"period";"id";"flattr.url";"url";"title";"clicks";"revenue";"clicks.total"
"2013-03";1219152;"https://flattr.com/thing/1219152/Post-by-konscience-on-App-net";"https://alpha.app.net/konscience/post/4333961";"Post by konscience on App.net";1;0,07;1
"2013-03";1208916;"https://flattr.com/thing/1208916/KonScience";"https://flattr.com/profile/KonScience";"KonScience";1;0,06;48
"2013-03";1214915;"https://flattr.com/thing/1214915/KonScience";"http://www.konscience.de/";"KonScience";1;0,06;168
"2013-03";1215316;"https://flattr.com/thing/1215316/Empfehlungen";"http://www.konscience.de/empfehlungen/";"Empfehlungen";1;0,06;1
"2013-03";1215317;"https://flattr.com/thing/1215317/Impressum";"http://www.konscience.de/?page_id=42";"Impressum";1;0,06;1
"2013-03";1218144;"https://flattr.com/thing/1218144/Post-by-konscience-on-App-net";"https://alpha.app.net/konscience/post/4336879";"Post by konscience on App.net";1;0,04;1
"2013-04";1280133;"https://flattr.com/thing/1280133/KNS002-Podcast-Krabbelgruppe-und-Katrins-Projekt";"http://www.konscience.de/podcast/";"KNS002 – Podcast-Krabbelgruppe und Katrins Projekt";1;1,13;2
"2013-04";1214915;"https://flattr.com/thing/1214915/KonScience";"http://www.konscience.de/";"KonScience";5;0,81;168
"2013-04";1265883;"https://flattr.com/thing/1265883/KNS001-Der-Anfang-ist-gemacht";"http://www.konscience.de/2013/04/18/kns001-der-anfang-ist-gemacht/";"KNS001 – Der Anfang ist gemacht";4;0,63;14
"2013-04";1270005;"https://flattr.com/thing/1270005/KNS002-Podcast-Krabbelgruppe-und-Katrins-Projekt";"http://www.konscience.de/2013/04/20/kns002-podcast-krabbelgruppe-und-katrins-projekt/";"KNS002 – Podcast-Krabbelgruppe und Katrins Projekt";3;0,55;11
"2013-04";1224259;"https://flattr.com/thing/1224259/KNS000-Teaser";"http://www.konscience.de/2013/03/30/kns000-teaser/";"KNS000 – Teaser";3;0,31;11
"2013-04";1224264;"https://flattr.com/thing/1224264/Kommentarregeln";"http://www.konscience.de/impressum/kommetarregeln/";"Kommentarregeln";2;0,22;2
"2013-04";1266395;"https://flattr.com/thing/1266395/Post-by-konscience-on-App-net";"https://alpha.app.net/konscience/post/4868820";"Post by konscience on App.net";2;0,22;2
"2013-04";1270357;"https://flattr.com/thing/1270357/Post-by-konscience-on-App-net";"https://alpha.app.net/konscience/post/4922294";"Post by konscience on App.net";1;0,18;1
"2013-04";1224267;"https://flattr.com/thing/1224267/Danksagungen";"http://www.konscience.de/danksagungen/";"Danksagungen";1;0,18;1
"2013-04";1224266;"https://flattr.com/thing/1224266/Kontakt";"http://www.konscience.de/impressum/kontakt/";"Kontakt";1;0,18;1
"2013-04";1271934;"https://flattr.com/thing/1271934/Post-by-konscience-on-App-net";"https://alpha.app.net/konscience/post/4925286";"Post by konscience on App.net";1;0,05;1
"2013-04";1232661;"https://flattr.com/thing/1232661/Post-by-konscience-on-App-net";"https://alpha.app.net/konscience/post/4527822";"Post by konscience on App.net";1;0,05;1
"2013-05";1214915;"https://flattr.com/thing/1214915/KonScience";"http://www.konscience.de/";"KonScience";8;0,95;168
"2013-05";1330156;"https://flattr.com/thing/1330156/KNS003-Klarer-Fall-von-Anthropozn";"http://www.konscience.de/2013/05/09/kns003-klarer-fall-von-anthropozan/";"KNS003 – Klarer Fall von Anthropozän";4;0,39;11
"2013-05";1397469;"https://flattr.com/thing/1397469/KNS004-Wirbeltiere-haben-Rckgrat";"http://www.konscience.de/2013/05/30/kns004-wirbeltiere-haben-ruckgrat/";"KNS004 – Wirbeltiere haben Rückgrat";3;0,35;12
"2013-05";1364168;"https://flattr.com/thing/1364168/1k-Dank-frs-Flattrn";"http://www.konscience.de/2013/05/16/1k-dank-furs-flattrn/";"1k Dank für’s Flattrn!";2;0,26;2
"2013-05";1340754;"https://flattr.com/thing/1340754/Unsere-beiden-Studios";"http://www.konscience.de/2013/04/20/unsere-beiden-studios/";"Unsere beiden Studios";1;0,11;1
"2013-05";1280133;"https://flattr.com/thing/1280133/KNS002-Podcast-Krabbelgruppe-und-Katrins-Projekt";"http://www.konscience.de/podcast/";"KNS002 – Podcast-Krabbelgruppe und Katrins Projekt";1;0,11;2
"2013-05";1397468;"https://flattr.com/thing/1397468/Post-by-konscience-on-App-net";"https://alpha.app.net/konscience/post/6202474";"Post by konscience on App.net";1;0,07;1
"2013-05";1375853;"https://flattr.com/thing/1375853/Post-by-konscience-on-App-net";"https://alpha.app.net/konscience/post/6003303";"Post by konscience on App.net";1;0,07;1
"2013-05";1368913;"https://flattr.com/thing/1368913/ber-uns";"http://www.konscience.de/uber-uns/";"Über uns";1;0,07;4
"2013-05";1368912;"https://flattr.com/thing/1368912/Post-by-konscience-on-App-net";"https://alpha.app.net/konscience/post/5897766";"Post by konscience on App.net";1;0,07;1
"2013-05";1330155;"https://flattr.com/thing/1330155/Post-by-konscience-on-App-net";"https://alpha.app.net/konscience/post/5493015";"Post by konscience on App.net";1;0,07;1
"2013-05";1364435;"https://flattr.com/thing/1364435/Abonnieren";"http://www.konscience.de/abonnieren/";"Abonnieren";1;0,07;2
"2013-05";1386346;"https://flattr.com/thing/1386346/konscience-on-App-net";"https://alpha.app.net/konscience";"konscience on App.net";1;0,02;1
"2013-06";1214915;"https://flattr.com/thing/1214915/KonScience";"http://www.konscience.de/";"KonScience";7;3,41;168
"2013-06";1492271;"https://flattr.com/thing/1492271/KNS005-OMG-its-full-of-genetics";"http://www.konscience.de/2013/06/16/kns005-omg-its-full-of-genetics/";"KNS005 – OMG, it’s full of genetics!";5;1,17;10
"2013-06";1265883;"https://flattr.com/thing/1265883/KNS001-Der-Anfang-ist-gemacht";"http://www.konscience.de/2013/04/18/kns001-der-anfang-ist-gemacht/";"KNS001 – Der Anfang ist gemacht";3;0,61;14
"2013-06";1330156;"https://flattr.com/thing/1330156/KNS003-Klarer-Fall-von-Anthropozn";"http://www.konscience.de/2013/05/09/kns003-klarer-fall-von-anthropozan/";"KNS003 – Klarer Fall von Anthropozän";2;0,58;11
"2013-06";1270005;"https://flattr.com/thing/1270005/KNS002-Podcast-Krabbelgruppe-und-Katrins-Projekt";"http://www.konscience.de/2013/04/20/kns002-podcast-krabbelgruppe-und-katrins-projekt/";"KNS002 – Podcast-Krabbelgruppe und Katrins Projekt";2;0,58;11
"2013-06";1397469;"https://flattr.com/thing/1397469/KNS004-Wirbeltiere-haben-Rckgrat";"http://www.konscience.de/2013/05/30/kns004-wirbeltiere-haben-ruckgrat/";"KNS004 – Wirbeltiere haben Rückgrat";3;0,43;12
"2013-06";1224259;"https://flattr.com/thing/1224259/KNS000-Teaser";"http://www.konscience.de/2013/03/30/kns000-teaser/";"KNS000 – Teaser";2;0,26;11
"2013-06";1208916;"https://flattr.com/thing/1208916/KonScience";"https://flattr.com/profile/KonScience";"KonScience";1;0,19;48
"2013-06";1492270;"https://flattr.com/thing/1492270/Post-by-konscience-on-App-net";"https://alpha.app.net/konscience/post/6816695";"Post by konscience on App.net";1;0,07;1
"2013-06";1495598;"https://flattr.com/thing/1495598/Post-by-konscience-on-App-net";"https://alpha.app.net/konscience/post/6832655";"Post by konscience on App.net";1;0,07;1
"2013-07";1624263;"https://flattr.com/thing/1624263/KNS006-Nacktmulle-an-die-Macht";"http://www.konscience.de/2013/07/09/kns006-nacktmulle-an-die-macht/";"KNS006 – Nacktmulle an die Macht";8;2,6;14
"2013-07";1690547;"https://flattr.com/thing/1690547/KNS007-Sondersendung-Politik-und-Zeitgeschichte-Ostasiens";"http://www.konscience.de/2013/07/22/kns007-sondersendung-politik-und-zeitgeschichte-ostasiens/";"KNS007 – Sondersendung – Politik und Zeitgeschichte Ostasiens";6;1,97;9
"2013-07";1214915;"https://flattr.com/thing/1214915/KonScience";"http://www.konscience.de/";"KonScience";8;1,49;168
"2013-07";1265883;"https://flattr.com/thing/1265883/KNS001-Der-Anfang-ist-gemacht";"http://www.konscience.de/2013/04/18/kns001-der-anfang-ist-gemacht/";"KNS001 – Der Anfang ist gemacht";2;0,59;14
"2013-07";1492271;"https://flattr.com/thing/1492271/KNS005-OMG-its-full-of-genetics";"http://www.konscience.de/2013/06/16/kns005-omg-its-full-of-genetics/";"KNS005 – OMG, it’s full of genetics!";2;0,38;10
"2013-07";1208916;"https://flattr.com/thing/1208916/KonScience";"https://flattr.com/profile/KonScience";"KonScience";2;0,36;48
"2013-07";1368913;"https://flattr.com/thing/1368913/ber-uns";"http://www.konscience.de/uber-uns/";"Über uns";1;0,3;4
"2013-07";1397469;"https://flattr.com/thing/1397469/KNS004-Wirbeltiere-haben-Rckgrat";"http://www.konscience.de/2013/05/30/kns004-wirbeltiere-haben-ruckgrat/";"KNS004 – Wirbeltiere haben Rückgrat";2;0,28;12
"2013-07";1624293;"https://flattr.com/thing/1624293/Post-by-konscience-on-App-net";"https://alpha.app.net/konscience/post/7512408";"Post by konscience on App.net";1;0,1;1
"2013-07";1720649;"https://flattr.com/thing/1720649/KNS008-Dinge-zwischen-Strato-und-Asthenosphre";"http://www.konscience.de/2013/07/28/kns008-dinge-zwischen-strato-und-asthenosphaere/";"KNS008 – Dinge zwischen Strato- und Asthenosphäre";1;0,07;9
"2013-07";1270005;"https://flattr.com/thing/1270005/KNS002-Podcast-Krabbelgruppe-und-Katrins-Projekt";"http://www.konscience.de/2013/04/20/kns002-podcast-krabbelgruppe-und-katrins-projekt/";"KNS002 – Podcast-Krabbelgruppe und Katrins Projekt";1;0,05;11
"2013-07";1224259;"https://flattr.com/thing/1224259/KNS000-Teaser";"http://www.konscience.de/2013/03/30/kns000-teaser/";"KNS000 – Teaser";1;0,05;11
"2013-07";1732286;"https://flattr.com/thing/1732286/KNS007-Sondersendung-Politik-und-Zeitgeschichte-Ostasiens";"http://www.konscience.de/2013/07/22/kns007-sondersendung-politk-und-zeitgeschichte-ostasiens/";"KNS007 – Sondersendung – Politik und Zeitgeschichte Ostasiens";1;0,05;1
"2013-08";1214915;"https://flattr.com/thing/1214915/KonScience";"http://www.konscience.de/";"KonScience";7;1,3;168
"2013-08";1720649;"https://flattr.com/thing/1720649/KNS008-Dinge-zwischen-Strato-und-Asthenosphre";"http://www.konscience.de/2013/07/28/kns008-dinge-zwischen-strato-und-asthenosphaere/";"KNS008 – Dinge zwischen Strato- und Asthenosphäre";3;0,95;9
"2013-08";1624263;"https://flattr.com/thing/1624263/KNS006-Nacktmulle-an-die-Macht";"http://www.konscience.de/2013/07/09/kns006-nacktmulle-an-die-macht/";"KNS006 – Nacktmulle an die Macht";2;0,86;14
"2013-08";1364435;"https://flattr.com/thing/1364435/Abonnieren";"http://www.konscience.de/abonnieren/";"Abonnieren";1;0,41;2
"2013-08";1208916;"https://flattr.com/thing/1208916/KonScience";"https://flattr.com/profile/KonScience";"KonScience";2;0,3;48
"2013-08";1690547;"https://flattr.com/thing/1690547/KNS007-Sondersendung-Politik-und-Zeitgeschichte-Ostasiens";"http://www.konscience.de/2013/07/22/kns007-sondersendung-politik-und-zeitgeschichte-ostasiens/";"KNS007 – Sondersendung – Politik und Zeitgeschichte Ostasiens";1;0,22;9
"2013-09";1907199;"https://flattr.com/thing/1907199/KNS009-ToF-ToF-MS";"http://www.konscience.de/2013/09/02/kns009-tof-tof-ms/";"KNS009 – ToF-ToF-MS";10;3,49;14
"2013-09";1214915;"https://flattr.com/thing/1214915/KonScience";"http://www.konscience.de/";"KonScience";8;2,26;168
"2013-09";2004418;"https://flattr.com/thing/2004418/KNS010-Katzenbeschftigungstherapie";"http://www.konscience.de/2013/09/22/kns010-katzenbeschaeftigungstherapie/";"KNS010 – Katzenbeschäftigungstherapie";6;2,13;14
"2013-09";1208916;"https://flattr.com/thing/1208916/KonScience";"https://flattr.com/profile/KonScience";"KonScience";5;1,48;48
"2013-09";1368913;"https://flattr.com/thing/1368913/ber-uns";"http://www.konscience.de/uber-uns/";"Über uns";1;0,35;4
"2013-09";1224259;"https://flattr.com/thing/1224259/KNS000-Teaser";"http://www.konscience.de/2013/03/30/kns000-teaser/";"KNS000 – Teaser";1;0,1;11
"2013-09";1270005;"https://flattr.com/thing/1270005/KNS002-Podcast-Krabbelgruppe-und-Katrins-Projekt";"http://www.konscience.de/2013/04/20/kns002-podcast-krabbelgruppe-und-katrins-projekt/";"KNS002 – Podcast-Krabbelgruppe und Katrins Projekt";1;0,1;11
"2013-09";1624263;"https://flattr.com/thing/1624263/KNS006-Nacktmulle-an-die-Macht";"http://www.konscience.de/2013/07/09/kns006-nacktmulle-an-die-macht/";"KNS006 – Nacktmulle an die Macht";1;0,1;14
"2013-09";1492271;"https://flattr.com/thing/1492271/KNS005-OMG-its-full-of-genetics";"http://www.konscience.de/2013/06/16/kns005-omg-its-full-of-genetics/";"KNS005 – OMG, it’s full of genetics!";1;0,1;10
"2013-09";1265883;"https://flattr.com/thing/1265883/KNS001-Der-Anfang-ist-gemacht";"http://www.konscience.de/2013/04/18/kns001-der-anfang-ist-gemacht/";"KNS001 – Der Anfang ist gemacht";1;0,1;14
"2013-09";1330156;"https://flattr.com/thing/1330156/KNS003-Klarer-Fall-von-Anthropozn";"http://www.konscience.de/2013/05/09/kns003-klarer-fall-von-anthropozan/";"KNS003 – Klarer Fall von Anthropozän";1;0,1;11
"2013-09";1397469;"https://flattr.com/thing/1397469/KNS004-Wirbeltiere-haben-Rckgrat";"http://www.konscience.de/2013/05/30/kns004-wirbeltiere-haben-ruckgrat/";"KNS004 – Wirbeltiere haben Rückgrat";1;0,1;12
"2013-09";1720649;"https://flattr.com/thing/1720649/KNS008-Dinge-zwischen-Strato-und-Asthenosphre";"http://www.konscience.de/2013/07/28/kns008-dinge-zwischen-strato-und-asthenosphaere/";"KNS008 – Dinge zwischen Strato- und Asthenosphäre";1;0,08;9
"2013-09";1976496;"https://flattr.com/thing/1976496/KonScience-im-ReliveRadio";"http://reliveradio.de/konscience";"KonScience im ReliveRadio";1;0,07;1
"2013-10";1214915;"https://flattr.com/thing/1214915/KonScience";"http://www.konscience.de/";"KonScience";8;2,31;168
"2013-10";1208916;"https://flattr.com/thing/1208916/KonScience";"https://flattr.com/profile/KonScience";"KonScience";4;1,22;48
"2013-10";2004418;"https://flattr.com/thing/2004418/KNS010-Katzenbeschftigungstherapie";"http://www.konscience.de/2013/09/22/kns010-katzenbeschaeftigungstherapie/";"KNS010 – Katzenbeschäftigungstherapie";3;0,67;14
"2013-10";2047695;"https://flattr.com/thing/2047695/KonScience-in-der-Hrsuppe";"http://hoersuppe.de/podcast/konscience";"KonScience in der Hörsuppe";2;0,15;3
"2013-10";1690547;"https://flattr.com/thing/1690547/KNS007-Sondersendung-Politik-und-Zeitgeschichte-Ostasiens";"http://www.konscience.de/2013/07/22/kns007-sondersendung-politik-und-zeitgeschichte-ostasiens/";"KNS007 – Sondersendung – Politik und Zeitgeschichte Ostasiens";1;0,12;9
"2013-10";1720649;"https://flattr.com/thing/1720649/KNS008-Dinge-zwischen-Strato-und-Asthenosphre";"http://www.konscience.de/2013/07/28/kns008-dinge-zwischen-strato-und-asthenosphaere/";"KNS008 – Dinge zwischen Strato- und Asthenosphäre";1;0,12;9
"2013-11";1214915;"https://flattr.com/thing/1214915/KonScience";"http://www.konscience.de/";"KonScience";10;3,74;168
"2013-11";2190996;"https://flattr.com/thing/2190996/KNS011-Ey-Alter-mach-Protein";"http://www.konscience.de/2013/11/04/kns011-ey-alter-mach-protein/";"KNS011 – Ey Alter, mach’ Protein!";9;3,3;13
"2013-11";2247081;"https://flattr.com/thing/2247081/KNS012-Tough-Times-All-Around";"http://www.konscience.de/2013/11/17/kns012-tough-times-all-around/";"KNS012 – Tough Times All Around";7;3,14;12
"2013-11";1208916;"https://flattr.com/thing/1208916/KonScience";"https://flattr.com/profile/KonScience";"KonScience";5;1,55;48
"2013-11";2004418;"https://flattr.com/thing/2004418/KNS010-Katzenbeschftigungstherapie";"http://www.konscience.de/2013/09/22/kns010-katzenbeschaeftigungstherapie/";"KNS010 – Katzenbeschäftigungstherapie";1;0,6;14
"2013-11";1397469;"https://flattr.com/thing/1397469/KNS004-Wirbeltiere-haben-Rckgrat";"http://www.konscience.de/2013/05/30/kns004-wirbeltiere-haben-ruckgrat/";"KNS004 – Wirbeltiere haben Rückgrat";1;0,18;12
"2013-11";1907199;"https://flattr.com/thing/1907199/KNS009-ToF-ToF-MS";"http://www.konscience.de/2013/09/02/kns009-tof-tof-ms/";"KNS009 – ToF-ToF-MS";1;0,13;14
"2013-11";2047695;"https://flattr.com/thing/2047695/KonScience-in-der-Hrsuppe";"http://hoersuppe.de/podcast/konscience";"KonScience in der Hörsuppe";1;0,12;3
"2013-12";1214915;"https://flattr.com/thing/1214915/KonScience";"http://www.konscience.de/";"KonScience";11;5,03;168
"2013-12";2339981;"https://flattr.com/thing/2339981/KNS013-Phnix-aus-der-Gammastrahlung";"http://www.konscience.de/2013/12/09/kns013-phoenix-aus-der-gammastrahlung/";"KNS013 – Phönix aus der Gammastrahlung";7;1,87;9
"2013-12";2247081;"https://flattr.com/thing/2247081/KNS012-Tough-Times-All-Around";"http://www.konscience.de/2013/11/17/kns012-tough-times-all-around/";"KNS012 – Tough Times All Around";3;1,81;12
"2013-12";1208916;"https://flattr.com/thing/1208916/KonScience";"https://flattr.com/profile/KonScience";"KonScience";5;1,02;48
"2013-12";2190996;"https://flattr.com/thing/2190996/KNS011-Ey-Alter-mach-Protein";"http://www.konscience.de/2013/11/04/kns011-ey-alter-mach-protein/";"KNS011 – Ey Alter, mach’ Protein!";2;0,69;13
"2013-12";1624263;"https://flattr.com/thing/1624263/KNS006-Nacktmulle-an-die-Macht";"http://www.konscience.de/2013/07/09/kns006-nacktmulle-an-die-macht/";"KNS006 – Nacktmulle an die Macht";1;0,21;14
"2013-12";2004418;"https://flattr.com/thing/2004418/KNS010-Katzenbeschftigungstherapie";"http://www.konscience.de/2013/09/22/kns010-katzenbeschaeftigungstherapie/";"KNS010 – Katzenbeschäftigungstherapie";1;0,16;14
"2013-12";1907199;"https://flattr.com/thing/1907199/KNS009-ToF-ToF-MS";"http://www.konscience.de/2013/09/02/kns009-tof-tof-ms/";"KNS009 – ToF-ToF-MS";1;0,16;14
"2013-12";1265883;"https://flattr.com/thing/1265883/KNS001-Der-Anfang-ist-gemacht";"http://www.konscience.de/2013/04/18/kns001-der-anfang-ist-gemacht/";"KNS001 – Der Anfang ist gemacht";1;0,09;14
"2013-12";1224259;"https://flattr.com/thing/1224259/KNS000-Teaser";"http://www.konscience.de/2013/03/30/kns000-teaser/";"KNS000 – Teaser";1;0,09;11
"2014-01";2462248;"https://flattr.com/thing/2462248/KNS014-Seesternzombies";"http://www.konscience.de/2014/01/08/kns014-seesternzombies/";"KNS014 – Seesternzombies";11;5,88;12
"2014-01";1214915;"https://flattr.com/thing/1214915/KonScience";"http://www.konscience.de/";"KonScience";11;5,03;168
"2014-01";1208916;"https://flattr.com/thing/1208916/KonScience";"https://flattr.com/profile/KonScience";"KonScience";4;1,12;48
"2014-01";1330156;"https://flattr.com/thing/1330156/KNS003-Klarer-Fall-von-Anthropozn";"http://www.konscience.de/2013/05/09/kns003-klarer-fall-von-anthropozan/";"KNS003 – Klarer Fall von Anthropozän";2;0,24;11
"2014-01";1907199;"https://flattr.com/thing/1907199/KNS009-ToF-ToF-MS";"http://www.konscience.de/2013/09/02/kns009-tof-tof-ms/";"KNS009 – ToF-ToF-MS";1;0,07;14
"2014-01";1270005;"https://flattr.com/thing/1270005/KNS002-Podcast-Krabbelgruppe-und-Katrins-Projekt";"http://www.konscience.de/2013/04/20/kns002-podcast-krabbelgruppe-und-katrins-projekt/";"KNS002 – Podcast-Krabbelgruppe und Katrins Projekt";1;0,07;11
"2014-01";1624263;"https://flattr.com/thing/1624263/KNS006-Nacktmulle-an-die-Macht";"http://www.konscience.de/2013/07/09/kns006-nacktmulle-an-die-macht/";"KNS006 – Nacktmulle an die Macht";1;0,07;14
"2014-01";1492271;"https://flattr.com/thing/1492271/KNS005-OMG-its-full-of-genetics";"http://www.konscience.de/2013/06/16/kns005-omg-its-full-of-genetics/";"KNS005 – OMG, it’s full of genetics!";1;0,07;10
"2014-01";1397469;"https://flattr.com/thing/1397469/KNS004-Wirbeltiere-haben-Rckgrat";"http://www.konscience.de/2013/05/30/kns004-wirbeltiere-haben-ruckgrat/";"KNS004 – Wirbeltiere haben Rückgrat";1;0,07;12
"2014-01";1720649;"https://flattr.com/thing/1720649/KNS008-Dinge-zwischen-Strato-und-Asthenosphre";"http://www.konscience.de/2013/07/28/kns008-dinge-zwischen-strato-und-asthenosphaere/";"KNS008 – Dinge zwischen Strato- und Asthenosphäre";1;0,07;9
"2014-01";2004418;"https://flattr.com/thing/2004418/KNS010-Katzenbeschftigungstherapie";"http://www.konscience.de/2013/09/22/kns010-katzenbeschaeftigungstherapie/";"KNS010 – Katzenbeschäftigungstherapie";1;0;14
"2014-01";2190996;"https://flattr.com/thing/2190996/KNS011-Ey-Alter-mach-Protein";"http://www.konscience.de/2013/11/04/kns011-ey-alter-mach-protein/";"KNS011 – Ey Alter, mach’ Protein!";1;0;13
"2014-01";2247081;"https://flattr.com/thing/2247081/KNS012-Tough-Times-All-Around";"http://www.konscience.de/2013/11/17/kns012-tough-times-all-around/";"KNS012 – Tough Times All Around";1;0;12
"2014-01";2339981;"https://flattr.com/thing/2339981/KNS013-Phnix-aus-der-Gammastrahlung";"http://www.konscience.de/2013/12/09/kns013-phoenix-aus-der-gammastrahlung/";"KNS013 – Phönix aus der Gammastrahlung";1;0;9
"2014-02";1214915;"https://flattr.com/thing/1214915/KonScience";"http://www.konscience.de/";"KonScience";12;6,84;168
"2014-02";2588724;"https://flattr.com/thing/2588724/KNS015-Erstmal-die-Chinchillas-ruhigstellen";"http://www.konscience.de/2014/02/03/kns015-erstmal-die-chinchillas-ruhigstellen/";"KNS015 – Erstmal die Chinchillas ruhigstellen";6;1,25;8
"2014-02";1208916;"https://flattr.com/thing/1208916/KonScience";"https://flattr.com/profile/KonScience";"KonScience";4;0,76;48
"2014-02";2624176;"https://flattr.com/thing/2624176/KNS016-Sondersendung-Graduiertenschulen";"http://www.konscience.de/2014/02/11/kns016-sondersendung-graduiertenschulen/";"KNS016 – Sondersendung – Graduiertenschulen";2;0,5;4
"2014-03";2707148;"https://flattr.com/thing/2707148/KNS017-Mrtyrer-gegen-Copyright";"http://www.konscience.de/2014/03/02/kns017-martyrer-gegen-copyright/";"KNS017 – Märtyrer gegen Copyright";6;3,73;9
"2014-03";1214915;"https://flattr.com/thing/1214915/KonScience";"http://www.konscience.de/";"KonScience";14;3,38;168
"2014-03";2795241;"https://flattr.com/thing/2795241/KNS018-Podcast-am-Ende-der-Nahrungskette";"http://www.konscience.de/2014/03/24/kns018-podcast-am-ende-der-nahrungskette/";"KNS018 – Podcast am Ende der Nahrungskette";6;2,13;8
"2014-03";1208916;"https://flattr.com/thing/1208916/KonScience";"https://flattr.com/profile/KonScience";"KonScience";3;0,57;48
"2014-03";2624176;"https://flattr.com/thing/2624176/KNS016-Sondersendung-Graduiertenschulen";"http://www.konscience.de/2014/02/11/kns016-sondersendung-graduiertenschulen/";"KNS016 – Sondersendung – Graduiertenschulen";1;0,17;4
"2014-03";2588724;"https://flattr.com/thing/2588724/KNS015-Erstmal-die-Chinchillas-ruhigstellen";"http://www.konscience.de/2014/02/03/kns015-erstmal-die-chinchillas-ruhigstellen/";"KNS015 – Erstmal die Chinchillas ruhigstellen";1;0,09;8
"2014-03";1720649;"https://flattr.com/thing/1720649/KNS008-Dinge-zwischen-Strato-und-Asthenosphre";"http://www.konscience.de/2013/07/28/kns008-dinge-zwischen-strato-und-asthenosphaere/";"KNS008 – Dinge zwischen Strato- und Asthenosphäre";1;0,06;9
"2014-03";1270005;"https://flattr.com/thing/1270005/KNS002-Podcast-Krabbelgruppe-und-Katrins-Projekt";"http://www.konscience.de/2013/04/20/kns002-podcast-krabbelgruppe-und-katrins-projekt/";"KNS002 – Podcast-Krabbelgruppe und Katrins Projekt";1;0,03;11
"2014-03";1265883;"https://flattr.com/thing/1265883/KNS001-Der-Anfang-ist-gemacht";"http://www.konscience.de/2013/04/18/kns001-der-anfang-ist-gemacht/";"KNS001 – Der Anfang ist gemacht";1;0,03;14
"2014-03";1224259;"https://flattr.com/thing/1224259/KNS000-Teaser";"http://www.konscience.de/2013/03/30/kns000-teaser/";"KNS000 – Teaser";1;0,03;11
"2014-04";1214915;"https://flattr.com/thing/1214915/KonScience";"http://www.konscience.de/";"KonScience";15;3,7;168
"2014-04";2863835;"https://flattr.com/thing/2863835/KNS019-Ein-Protein-sie-beide-zu-knechten";"http://www.konscience.de/2014/04/14/kns019-ein-protein-sie-beide-zu-knechten/";"KNS019 – Ein Protein sie beide zu knechten!";7;3,6;11
"2014-04";1208916;"https://flattr.com/thing/1208916/KonScience";"https://flattr.com/profile/KonScience";"KonScience";3;0,83;48
"2014-04";2707148;"https://flattr.com/thing/2707148/KNS017-Mrtyrer-gegen-Copyright";"http://www.konscience.de/2014/03/02/kns017-martyrer-gegen-copyright/";"KNS017 – Märtyrer gegen Copyright";2;0,31;9
"2014-04";2629936;"https://flattr.com/thing/2629936/Post-by-konscience-on-App-net";"https://alpha.app.net/konscience/post/22440425";"Post by konscience on App.net";1;0,15;1
"2014-04";1265883;"https://flattr.com/thing/1265883/KNS001-Der-Anfang-ist-gemacht";"http://www.konscience.de/2013/04/18/kns001-der-anfang-ist-gemacht/";"KNS001 – Der Anfang ist gemacht";1;0,02;14
"2014-04";1270005;"https://flattr.com/thing/1270005/KNS002-Podcast-Krabbelgruppe-und-Katrins-Projekt";"http://www.konscience.de/2013/04/20/kns002-podcast-krabbelgruppe-und-katrins-projekt/";"KNS002 – Podcast-Krabbelgruppe und Katrins Projekt";1;0,02;11
"2014-04";1224259;"https://flattr.com/thing/1224259/KNS000-Teaser";"http://www.konscience.de/2013/03/30/kns000-teaser/";"KNS000 – Teaser";1;0,02;11
"2014-04";1330156;"https://flattr.com/thing/1330156/KNS003-Klarer-Fall-von-Anthropozn";"http://www.konscience.de/2013/05/09/kns003-klarer-fall-von-anthropozan/";"KNS003 – Klarer Fall von Anthropozän";1;0,02;11
"2014-04";2588724;"https://flattr.com/thing/2588724/KNS015-Erstmal-die-Chinchillas-ruhigstellen";"http://www.konscience.de/2014/02/03/kns015-erstmal-die-chinchillas-ruhigstellen/";"KNS015 – Erstmal die Chinchillas ruhigstellen";1;0,02;8
"2014-04";2795241;"https://flattr.com/thing/2795241/KNS018-Podcast-am-Ende-der-Nahrungskette";"http://www.konscience.de/2014/03/24/kns018-podcast-am-ende-der-nahrungskette/";"KNS018 – Podcast am Ende der Nahrungskette";1;0,02;8
"2014-05";1214915;"https://flattr.com/thing/1214915/KonScience";"http://www.konscience.de/";"KonScience";23;10,09;168
"2014-05";3015051;"https://flattr.com/thing/3015051/KNS021-Frische-ESO-News";"http://www.konscience.de/2014/05/20/kns021-frische-eso-news/";"KNS021 – Frische ESO-News";10;4,25;14
"2014-05";2991529;"https://flattr.com/thing/2991529/KNS020-Jubilumssendung-mit-Methodisch-inkorrekt";"http://www.konscience.de/2014/05/13/kns020-jubilaeumssendung-mit-methodisch-inkorrekt/";"KNS020 – Jubiläumssendung mit Methodisch inkorrekt";9;2,52;11
"2014-05";1208916;"https://flattr.com/thing/1208916/KonScience";"https://flattr.com/profile/KonScience";"KonScience";3;0,83;48
"2014-05";2863835;"https://flattr.com/thing/2863835/KNS019-Ein-Protein-sie-beide-zu-knechten";"http://www.konscience.de/2014/04/14/kns019-ein-protein-sie-beide-zu-knechten/";"KNS019 – Ein Protein sie beide zu knechten!";2;0,16;11
"2014-05";1368913;"https://flattr.com/thing/1368913/ber-uns";"http://www.konscience.de/uber-uns/";"Über uns";1;0,09;4
"2014-05";2004418;"https://flattr.com/thing/2004418/KNS010-Katzenbeschftigungstherapie";"http://www.konscience.de/2013/09/22/kns010-katzenbeschaeftigungstherapie/";"KNS010 – Katzenbeschäftigungstherapie";1;0,05;14
"2014-06";1214915;"https://flattr.com/thing/1214915/KonScience";"http://www.konscience.de/";"KonScience";22;7,53;204
"2014-06";1208916;"https://flattr.com/thing/1208916/KonScience";"https://flattr.com/profile/KonScience";"KonScience";6;2,54;62
"2014-06";2991529;"https://flattr.com/thing/2991529/KNS020-Jubilumssendung-mit-Methodisch-inkorrekt";"http://www.konscience.de/2014/05/kns020-jubilaeumssendung-mit-methodisch-inkorrekt/";"KNS020 – Jubiläumssendung mit Methodisch inkorrekt";2;0,38;11
"2014-06";3117719;"https://flattr.com/thing/3117719/Untersttzen";"http://www.konscience.de/unterstutzen/";"Unterstützen";1;0,17;1
"2014-06";2863835;"https://flattr.com/thing/2863835/KNS019-Ein-Protein-sie-beide-zu-knechten";"http://www.konscience.de/2014/04/14/kns019-ein-protein-sie-beide-zu-knechten/";"KNS019 – Ein Protein sie beide zu knechten!";2;0,12;13
"2014-06";2190996;"https://flattr.com/thing/2190996/KNS011-Ey-Alter-mach-Protein";"http://www.konscience.de/2013/11/kns011-ey-alter-mach-protein/";"KNS011 – Ey Alter, mach’ Protein!";2;0,08;14
"2014-06";1224259;"https://flattr.com/thing/1224259/KNS000-Teaser";"http://www.konscience.de/2013/03/kns000-teaser/";"KNS000 – Teaser";1;0,02;12
"2014-06";2707148;"https://flattr.com/thing/2707148/KNS017-Mrtyrer-gegen-Copyright";"http://www.konscience.de/2014/03/kns017-martyrer-gegen-copyright/";"KNS017 – Märtyrer gegen Copyright";1;0,02;10
"2014-06";2624176;"https://flattr.com/thing/2624176/KNS016-Sondersendung-Graduiertenschulen";"http://www.konscience.de/2014/02/kns016-sondersendung-graduiertenschulen/";"KNS016 – Sondersendung – Graduiertenschulen";1;0,02;4
"2014-06";2462248;"https://flattr.com/thing/2462248/KNS014-Seesternzombies";"http://www.konscience.de/2014/01/kns014-seesternzombies/";"KNS014 – Seesternzombies";1;0,02;13
"2014-06";2339981;"https://flattr.com/thing/2339981/KNS013-Phnix-aus-der-Gammastrahlung";"http://www.konscience.de/2013/12/kns013-phoenix-aus-der-gammastrahlung/";"KNS013 – Phönix aus der Gammastrahlung";1;0,02;10
"2014-06";2247081;"https://flattr.com/thing/2247081/KNS012-Tough-Times-All-Around";"http://www.konscience.de/2013/11/kns012-tough-times-all-around/";"KNS012 – Tough Times All Around";1;0,02;13
"2014-06";1330156;"https://flattr.com/thing/1330156/KNS003-Klarer-Fall-von-Anthropozn";"http://www.konscience.de/2013/05/kns003-klarer-fall-von-anthropozan/";"KNS003 – Klarer Fall von Anthropozän";1;0,02;11
"2014-06";1397469;"https://flattr.com/thing/1397469/KNS004-Wirbeltiere-haben-Rckgrat";"http://www.konscience.de/2013/05/kns004-wirbeltiere-haben-ruckgrat/";"KNS004 – Wirbeltiere haben Rückgrat";1;0,02;12
"2014-06";1492271;"https://flattr.com/thing/1492271/KNS005-OMG-its-full-of-genetics";"http://www.konscience.de/2013/06/kns005-omg-its-full-of-genetics/";"KNS005 – OMG, it’s full of genetics!";1;0,02;11
"2014-06";1624263;"https://flattr.com/thing/1624263/KNS006-Nacktmulle-an-die-Macht";"http://www.konscience.de/2013/07/kns006-nacktmulle-an-die-macht/";"KNS006 – Nacktmulle an die Macht";1;0,02;15
"2014-06";1720649;"https://flattr.com/thing/1720649/KNS008-Dinge-zwischen-Strato-und-Asthenosphre";"http://www.konscience.de/2013/07/kns008-dinge-zwischen-strato-und-asthenosphaere/";"KNS008 – Dinge zwischen Strato- und Asthenosphäre";1;0,02;9
"2014-06";1907199;"https://flattr.com/thing/1907199/KNS009-ToF-ToF-MS";"http://www.konscience.de/2013/09/kns009-tof-tof-ms/";"KNS009 – ToF-ToF-MS";1;0,02;14
"2014-06";2004418;"https://flattr.com/thing/2004418/KNS010-Katzenbeschftigungstherapie";"http://www.konscience.de/2013/09/kns010-katzenbeschaeftigungstherapie/";"KNS010 – Katzenbeschäftigungstherapie";1;0,02;14
"2014-06";1265883;"https://flattr.com/thing/1265883/KNS001-Der-Anfang-ist-gemacht";"http://www.konscience.de/2013/04/18/kns001-der-anfang-ist-gemacht/";"KNS001 – Der Anfang ist gemacht";1;0,02;14
"2014-06";1270005;"https://flattr.com/thing/1270005/KNS002-Podcast-Krabbelgruppe-und-Katrins-Projekt";"http://www.konscience.de/2013/04/20/kns002-podcast-krabbelgruppe-und-katrins-projekt/";"KNS002 – Podcast-Krabbelgruppe und Katrins Projekt";1;0,02;11
"2014-07";1208916;"https://flattr.com/thing/1208916/KonScience";"https://flattr.com/profile/KonScience";"KonScience";6;3,02;62
"2014-07";1214915;"https://flattr.com/thing/1214915/KonScience";"http://www.konscience.de/";"KonScience";17;2,58;204
"2014-07";3188342;"https://flattr.com/thing/3188342/KNS021-Frische-ESO-News";"http://www.konscience.de/2014/05/kns021-frische-eso-news/";"KNS021 – Frische ESO-News";3;0,64;4
"2014-07";2863835;"https://flattr.com/thing/2863835/KNS019-Ein-Protein-sie-beide-zu-knechten";"http://www.konscience.de/2014/04/14/kns019-ein-protein-sie-beide-zu-knechten/";"KNS019 – Ein Protein sie beide zu knechten!";2;0,14;13
"2014-07";3213603;"https://flattr.com/thing/3213603/KNS018-Podcast-am-Ende-der-Nahrungskette";"http://www.konscience.de/2014/03/kns018-podcast-am-ende-der-nahrungskette/";"KNS018 – Podcast am Ende der Nahrungskette";2;0,14;2
"2014-07";1624263;"https://flattr.com/thing/1624263/KNS006-Nacktmulle-an-die-Macht";"http://www.konscience.de/2013/07/kns006-nacktmulle-an-die-macht/";"KNS006 – Nacktmulle an die Macht";1;0,09;15
"2014-07";1492271;"https://flattr.com/thing/1492271/KNS005-OMG-its-full-of-genetics";"http://www.konscience.de/2013/06/kns005-omg-its-full-of-genetics/";"KNS005 – OMG, it’s full of genetics!";1;0,09;11
"2014-07";1224259;"https://flattr.com/thing/1224259/KNS000-Teaser";"http://www.konscience.de/2013/03/kns000-teaser/";"KNS000 – Teaser";1;0,09;12
"2014-07";2707148;"https://flattr.com/thing/2707148/KNS017-Mrtyrer-gegen-Copyright";"http://www.konscience.de/2014/03/kns017-martyrer-gegen-copyright/";"KNS017 – Märtyrer gegen Copyright";1;0,07;10
"2014-07";2462248;"https://flattr.com/thing/2462248/KNS014-Seesternzombies";"http://www.konscience.de/2014/01/kns014-seesternzombies/";"KNS014 – Seesternzombies";1;0,07;13
"2014-07";2247081;"https://flattr.com/thing/2247081/KNS012-Tough-Times-All-Around";"http://www.konscience.de/2013/11/kns012-tough-times-all-around/";"KNS012 – Tough Times All Around";1;0,07;13
"2014-07";3226863;"https://flattr.com/thing/3226863/KNS015-Erstmal-die-Chinchillas-ruhigstellen";"http://www.konscience.de/2014/02/kns015-erstmal-die-chinchillas-ruhigstellen/";"KNS015 – Erstmal die Chinchillas ruhigstellen";1;0,07;1
"2014-08";1208916;"https://flattr.com/thing/1208916/KonScience";"https://flattr.com/profile/KonScience";"KonScience";9;5,21;69
"2014-08";3301152;"https://flattr.com/thing/3301152/KNS024-Wie-kam-das-bloss-durch-die-Ethikkommission";"http://www.konscience.de/2014/08/kns024-wie-kam-das-bloss-durch-die-ethikkommission/";"KNS024 – Wie kam das bloß durch die Ethikkommission?";19;4,32;21
"2014-08";1214915;"https://flattr.com/thing/1214915/KonScience";"http://www.konscience.de/";"KonScience";17;3,66;222
"2014-08";3273714;"https://flattr.com/thing/3273714/KNS022-Ameise-Pilz-Problem";"http://www.konscience.de/2014/06/kns022-ameise-pilz-problem/";"KNS022 – Ameise-Pilz-Problem";6;1,83;7
"2014-08";3269194;"https://flattr.com/thing/3269194/KNS023-special-How-neural-networks-process-sensory-data-Giovanni-Galizia";"http://www.konscience.de/2014/06/kns023-special-how-neural-networks-process-sensory-data-giovanni-galizia/";"KNS023 special – How neural networks process sensory data (Giovanni Galizia)";4;1,82;5
"2014-08";3273136;"https://flattr.com/thing/3273136/KNS019-Ein-Protein-sie-beide-zu-knechten";"http://www.konscience.de/2014/04/kns019-ein-protein-sie-beide-zu-knechten/";"KNS019 – Ein Protein sie beide zu knechten!";2;0,45;2
"2014-08";3188342;"https://flattr.com/thing/3188342/KNS021-Frische-ESO-News";"http://www.konscience.de/2014/05/kns021-frische-eso-news/";"KNS021 – Frische ESO-News";2;0,41;6
"2014-08";3296189;"https://flattr.com/thing/3296189/KNS002-Podcast-Krabbelgruppe-und-Katrins-Projekt";"http://www.konscience.de/2013/04/kns002-podcast-krabbelgruppe-und-katrins-projekt/";"KNS002 – Podcast-Krabbelgruppe und Katrins Projekt";1;0,13;1
"2014-08";3269368;"https://flattr.com/thing/3269368/KNS001-Der-Anfang-ist-gemacht";"http://www.konscience.de/2013/04/kns001-der-anfang-ist-gemacht/";"KNS001 – Der Anfang ist gemacht";1;0,13;1
"2014-08";2339981;"https://flattr.com/thing/2339981/KNS013-Phnix-aus-der-Gammastrahlung";"http://www.konscience.de/2013/12/kns013-phoenix-aus-der-gammastrahlung/";"KNS013 – Phönix aus der Gammastrahlung";1;0,08;10
"2014-09";1208916;"https://flattr.com/thing/1208916/KonScience";"https://flattr.com/profile/KonScience";"KonScience";9;4,27;78
"2014-09";3460866;"https://flattr.com/thing/3460866/KNS025-Flucht-nach-vorn-in-die-Botanik";"http://www.konscience.de/2014/09/kns025-flucht-nach-vorn-in-die-botanik/";"KNS025 – Flucht nach vorn in die Botanik";22;4,12;25
"2014-09";1214915;"https://flattr.com/thing/1214915/KonScience";"http://www.konscience.de/";"KonScience";19;3,96;239
"2014-09";3301152;"https://flattr.com/thing/3301152/KNS024-Wie-kam-das-bloss-durch-die-Ethikkommission";"http://www.konscience.de/2014/08/kns024-wie-kam-das-bloss-durch-die-ethikkommission/";"KNS024 – Wie kam das bloß durch die Ethikkommission?";9;1,22;30
"2014-09";3188342;"https://flattr.com/thing/3188342/KNS021-Frische-ESO-News";"http://www.konscience.de/2014/05/kns021-frische-eso-news/";"KNS021 – Frische ESO-News";1;0,22;6
"2014-09";3273714;"https://flattr.com/thing/3273714/KNS022-Ameise-Pilz-Problem";"http://www.konscience.de/2014/06/kns022-ameise-pilz-problem/";"KNS022 – Ameise-Pilz-Problem";1;0,22;7
"2014-09";2047695;"https://flattr.com/thing/2047695/KonScience-in-der-Hrsuppe";"http://hoersuppe.de/podcast/konscience";"KonScience in der Hörsuppe";1;0,09;4
"2014-09";3273136;"https://flattr.com/thing/3273136/KNS019-Ein-Protein-sie-beide-zu-knechten";"http://www.konscience.de/2014/04/kns019-ein-protein-sie-beide-zu-knechten/";"KNS019 – Ein Protein sie beide zu knechten!";1;0,08;3
"2014-09";2462248;"https://flattr.com/thing/2462248/KNS014-Seesternzombies";"http://www.konscience.de/2014/01/kns014-seesternzombies/";"KNS014 – Seesternzombies";1;0,08;14
"2014-09";2339981;"https://flattr.com/thing/2339981/KNS013-Phnix-aus-der-Gammastrahlung";"http://www.konscience.de/2013/12/kns013-phoenix-aus-der-gammastrahlung/";"KNS013 – Phönix aus der Gammastrahlung";1;0,08;11
"2014-09";3269194;"https://flattr.com/thing/3269194/KNS023-special-How-neural-networks-process-sensory-data-Giovanni-Galizia";"http://www.konscience.de/2014/06/kns023-special-how-neural-networks-process-sensory-data-giovanni-galizia/";"KNS023 special – How neural networks process sensory data (Giovanni Galizia)";1;0,05;5
"2014-09";2991529;"https://flattr.com/thing/2991529/KNS020-Jubilumssendung-mit-Methodisch-inkorrekt";"http://www.konscience.de/2014/05/kns020-jubilaeumssendung-mit-methodisch-inkorrekt/";"KNS020 – Jubiläumssendung mit Methodisch inkorrekt";1;0,04;12
"2014-10";3460866;"https://flattr.com/thing/3460866/KNS025-Flucht-nach-vorn-in-die-Botanik";"http://www.konscience.de/2014/09/kns025-flucht-nach-vorn-in-die-botanik/";"KNS025 – Flucht nach vorn in die Botanik";7;5,38;31
"2014-10";1214915;"https://flattr.com/thing/1214915/KonScience";"http://www.konscience.de/";"KonScience";18;3,5;257
"2014-10";1208916;"https://flattr.com/thing/1208916/KonScience";"https://flattr.com/profile/KonScience";"KonScience";7;2,4;85
"2014-10";2991529;"https://flattr.com/thing/2991529/KNS020-Jubilumssendung-mit-Methodisch-inkorrekt";"http://www.konscience.de/2014/05/kns020-jubilaeumssendung-mit-methodisch-inkorrekt/";"KNS020 – Jubiläumssendung mit Methodisch inkorrekt";1;2,25;14
"2014-10";3301152;"https://flattr.com/thing/3301152/KNS024-Wie-kam-das-bloss-durch-die-Ethikkommission";"http://www.konscience.de/2014/08/kns024-wie-kam-das-bloss-durch-die-ethikkommission/";"KNS024 – Wie kam das bloß durch die Ethikkommission?";2;0,32;30
"2014-10";1224259;"https://flattr.com/thing/1224259/KNS000-Teaser";"http://www.konscience.de/2013/03/kns000-teaser/";"KNS000 – Teaser";2;0,13;14
"2014-10";3296189;"https://flattr.com/thing/3296189/KNS002-Podcast-Krabbelgruppe-und-Katrins-Projekt";"http://www.konscience.de/2013/04/kns002-podcast-krabbelgruppe-und-katrins-projekt/";"KNS002 – Podcast-Krabbelgruppe und Katrins Projekt";2;0,13;3
"2014-10";3269368;"https://flattr.com/thing/3269368/KNS001-Der-Anfang-ist-gemacht";"http://www.konscience.de/2013/04/kns001-der-anfang-ist-gemacht/";"KNS001 – Der Anfang ist gemacht";2;0,13;3
"2014-10";3504062;"https://flattr.com/thing/3504062/Tweet-by-KonSciencePod-4-Oct";"http://twitter.com/KonSciencePod/status/518432584016359424";"Tweet by @KonSciencePod, 4 Oct";1;0,12;1
"2014-10";1492271;"https://flattr.com/thing/1492271/KNS005-OMG-its-full-of-genetics";"http://www.konscience.de/2013/06/kns005-omg-its-full-of-genetics/";"KNS005 – OMG, it’s full of genetics!";1;0,07;12
"2014-10";1397469;"https://flattr.com/thing/1397469/KNS004-Wirbeltiere-haben-Rckgrat";"http://www.konscience.de/2013/05/kns004-wirbeltiere-haben-ruckgrat/";"KNS004 – Wirbeltiere haben Rückgrat";1;0,07;13
"2014-10";1330156;"https://flattr.com/thing/1330156/KNS003-Klarer-Fall-von-Anthropozn";"http://www.konscience.de/2013/05/kns003-klarer-fall-von-anthropozan/";"KNS003 – Klarer Fall von Anthropozän";1;0,07;12
"2014-10";1624263;"https://flattr.com/thing/1624263/KNS006-Nacktmulle-an-die-Macht";"http://www.konscience.de/2013/07/kns006-nacktmulle-an-die-macht/";"KNS006 – Nacktmulle an die Macht";1;0,07;16
"2014-11";1214915;"https://flattr.com/thing/1214915/KonScience";"http://www.konscience.de/";"KonScience";16;2,26;273
"2014-11";2991529;"https://flattr.com/thing/2991529/KNS020-Jubilumssendung-mit-Methodisch-inkorrekt";"http://www.konscience.de/2014/05/kns020-jubilaeumssendung-mit-methodisch-inkorrekt/";"KNS020 – Jubiläumssendung mit Methodisch inkorrekt";1;2,25;16
"2014-11";1208916;"https://flattr.com/thing/1208916/KonScience";"https://flattr.com/profile/KonScience";"KonScience";6;2,17;92
"2014-11";3460866;"https://flattr.com/thing/3460866/KNS025-Flucht-nach-vorn-in-die-Botanik";"http://www.konscience.de/2014/09/kns025-flucht-nach-vorn-in-die-botanik/";"KNS025 – Flucht nach vorn in die Botanik";3;0,81;34
"2014-11";2047695;"https://flattr.com/thing/2047695/KonScience-in-der-Hrsuppe";"http://hoersuppe.de/podcast/konscience";"KonScience in der Hörsuppe";1;0,37;5
"2014-11";3665103;"https://flattr.com/thing/3665103/KonScienceSummarize-Flattr-Reports-on-GitHub";"http://github.com/KonScience/Summarize-Flattr-Reports";"KonScience/Summarize-Flattr-Reports on GitHub";2;0,24;5
"2014-11";3301152;"https://flattr.com/thing/3301152/KNS024-Wie-kam-das-bloss-durch-die-Ethikkommission";"http://www.konscience.de/2014/08/kns024-wie-kam-das-bloss-durch-die-ethikkommission/";"KNS024 – Wie kam das bloß durch die Ethikkommission?";1;0,23;31
"2014-11";1330156;"https://flattr.com/thing/1330156/KNS003-Klarer-Fall-von-Anthropozn";"http://www.konscience.de/2013/05/kns003-klarer-fall-von-anthropozan/";"KNS003 – Klarer Fall von Anthropozän";1;0,12;14
"2014-12";1208916;"https://flattr.com/thing/1208916/KonScience";"https://flattr.com/profile/KonScience";"KonScience";12;4,91;103
"2014-12";3729495;"https://flattr.com/thing/3729495/KNS026-Zeitlos";"http://www.konscience.de/2014/12/kns026-zeitlos/";"KNS026 – Zeitlos";19;4,74;22
"2014-12";2991529;"https://flattr.com/thing/2991529/KNS020-Jubilumssendung-mit-Methodisch-inkorrekt";"http://www.konscience.de/2014/05/kns020-jubilaeumssendung-mit-methodisch-inkorrekt/";"KNS020 – Jubiläumssendung mit Methodisch inkorrekt";2;3,15;17
"2014-12";1214915;"https://flattr.com/thing/1214915/KonScience";"http://www.konscience.de/";"KonScience";16;2,5;288
"2014-12";3460866;"https://flattr.com/thing/3460866/KNS025-Flucht-nach-vorn-in-die-Botanik";"http://www.konscience.de/2014/09/kns025-flucht-nach-vorn-in-die-botanik/";"KNS025 – Flucht nach vorn in die Botanik";4;1,65;38
"2014-12";3665103;"https://flattr.com/thing/3665103/KonScienceSummarize-Flattr-Reports-on-GitHub";"http://github.com/KonScience/Summarize-Flattr-Reports";"KonScience/Summarize-Flattr-Reports on GitHub";3;0,8;6
"2014-12";3692504;"https://flattr.com/thing/3692504/Tweet-by-KonSciencePod-2-Dec";"http://twitter.com/KonSciencePod/status/539794393453309953";"Tweet by @KonSciencePod, 2 Dec";2;0,59;2
"2014-12";1368913;"https://flattr.com/thing/1368913/ber-uns";"http://www.konscience.de/uber-uns/";"Über uns";1;0,55;5
"2014-12";3117719;"https://flattr.com/thing/3117719/Untersttzen";"http://www.konscience.de/unterstutzen/";"Unterstützen";1;0,5;2
"2014-12";2629936;"https://flattr.com/thing/2629936/Post-by-konscience-on-App-net";"https://alpha.app.net/konscience/post/22440425";"Post by konscience on App.net";1;0,5;2
"2014-12";1330156;"https://flattr.com/thing/1330156/KNS003-Klarer-Fall-von-Anthropozn";"http://www.konscience.de/2013/05/kns003-klarer-fall-von-anthropozan/";"KNS003 – Klarer Fall von Anthropozän";1;0,33;14
"2014-12";1270005;"https://flattr.com/thing/1270005/KNS002-Podcast-Krabbelgruppe-und-Katrins-Projekt";"http://www.konscience.de/2013/04/20/kns002-podcast-krabbelgruppe-und-katrins-projekt/";"KNS002 – Podcast-Krabbelgruppe und Katrins Projekt";1;0,33;12
"2014-12";1265883;"https://flattr.com/thing/1265883/KNS001-Der-Anfang-ist-gemacht";"http://www.konscience.de/2013/04/18/kns001-der-anfang-ist-gemacht/";"KNS001 – Der Anfang ist gemacht";1;0,33;15
"2014-12";3269368;"https://flattr.com/thing/3269368/KNS001-Der-Anfang-ist-gemacht";"http://www.konscience.de/2013/04/kns001-der-anfang-ist-gemacht/";"KNS001 – Der Anfang ist gemacht";1;0,02;4
"2014-12";1224259;"https://flattr.com/thing/1224259/KNS000-Teaser";"http://www.konscience.de/2013/03/kns000-teaser/";"KNS000 – Teaser";1;0,02;15
"2015-01";3729495;"https://flattr.com/thing/3729495/KNS026-Zeitlos";"http://www.konscience.de/2014/12/kns026-zeitlos/";"KNS026 – Zeitlos";8;7,27;29
"2015-01";1208916;"https://flattr.com/thing/1208916/KonScience";"https://flattr.com/profile/KonScience";"KonScience";8;2,35;114
"2015-01";2991529;"https://flattr.com/thing/2991529/KNS020-Jubilumssendung-mit-Methodisch-inkorrekt";"http://www.konscience.de/2014/05/kns020-jubilaeumssendung-mit-methodisch-inkorrekt/";"KNS020 – Jubiläumssendung mit Methodisch inkorrekt";1;2,25;18
"2015-01";1214915;"https://flattr.com/thing/1214915/KonScience";"http://www.konscience.de/";"KonScience";15;2,14;300
"2015-01";3460866;"https://flattr.com/thing/3460866/KNS025-Flucht-nach-vorn-in-die-Botanik";"http://www.konscience.de/2014/09/kns025-flucht-nach-vorn-in-die-botanik/";"KNS025 – Flucht nach vorn in die Botanik";4;0,54;40
"2015-01";3665103;"https://flattr.com/thing/3665103/KonScienceSummarize-Flattr-Reports-on-GitHub";"http://github.com/KonScience/Summarize-Flattr-Reports";"KonScience/Summarize-Flattr-Reports on GitHub";1;0,13;7
"2015-01";3796642;"https://flattr.com/thing/3796642/Tweet-by-KonSciencePod-11-Jan";"http://twitter.com/KonSciencePod/status/554231197594054656";"Tweet by @KonSciencePod, 11 Jan";1;0,13;1
"2015-01";3273714;"https://flattr.com/thing/3273714/KNS022-Ameise-Pilz-Problem";"http://www.konscience.de/2014/06/kns022-ameise-pilz-problem/";"KNS022 – Ameise-Pilz-Problem";1;0,07;8
"2015-01";3188342;"https://flattr.com/thing/3188342/KNS021-Frische-ESO-News";"http://www.konscience.de/2014/05/kns021-frische-eso-news/";"KNS021 – Frische ESO-News";1;0,07;7
"2015-01";3301152;"https://flattr.com/thing/3301152/KNS024-Wie-kam-das-bloss-durch-die-Ethikkommission";"http://www.konscience.de/2014/08/kns024-wie-kam-das-bloss-durch-die-ethikkommission/";"KNS024 – Wie kam das bloß durch die Ethikkommission?";1;0,06;32
"2015-02";3900104;"https://flattr.com/thing/3900104/KNS027-Agenten-der-Geomorphologie";"http://www.konscience.de/2015/02/kns027-agenten-der-geomorphologie/";"KNS027 Agenten der Geomorphologie";25;6,64;30
"2015-02";1214915;"https://flattr.com/thing/1214915/KonScience";"http://www.konscience.de/";"KonScience";14;2,94;313
"2015-02";2991529;"https://flattr.com/thing/2991529/KNS020-Jubilumssendung-mit-Methodisch-inkorrekt";"http://www.konscience.de/2014/05/kns020-jubilaeumssendung-mit-methodisch-inkorrekt/";"KNS020 – Jubiläumssendung mit Methodisch inkorrekt";3;2,31;21
"2015-02";1208916;"https://flattr.com/thing/1208916/KonScience";"https://flattr.com/profile/KonScience";"KonScience";9;2,11;122
"2015-02";3729495;"https://flattr.com/thing/3729495/KNS026-Zeitlos";"http://www.konscience.de/2014/12/kns026-zeitlos/";"KNS026 – Zeitlos";5;0,58;32
"2015-02";3460866;"https://flattr.com/thing/3460866/KNS025-Flucht-nach-vorn-in-die-Botanik";"http://www.konscience.de/2014/09/kns025-flucht-nach-vorn-in-die-botanik/";"KNS025 – Flucht nach vorn in die Botanik";3;0,34;43
"2015-02";1224259;"https://flattr.com/thing/1224259/KNS000-Teaser";"http://www.konscience.de/2013/03/kns000-teaser/";"KNS000 – Teaser";2;0,2;17
"2015-02";3269368;"https://flattr.com/thing/3269368/KNS001-Der-Anfang-ist-gemacht";"http://www.konscience.de/2013/04/kns001-der-anfang-ist-gemacht/";"KNS001 – Der Anfang ist gemacht";2;0,2;6
"2015-02";1397469;"https://flattr.com/thing/1397469/KNS004-Wirbeltiere-haben-Rckgrat";"http://www.konscience.de/2013/05/kns004-wirbeltiere-haben-ruckgrat/";"KNS004 – Wirbeltiere haben Rückgrat";2;0,18;15
"2015-02";3665103;"https://flattr.com/thing/3665103/KonScienceSummarize-Flattr-Reports-on-GitHub";"http://github.com/KonScience/Summarize-Flattr-Reports";"KonScience/Summarize-Flattr-Reports on GitHub";1;0,15;8
"2015-02";1907199;"https://flattr.com/thing/1907199/KNS009-ToF-ToF-MS";"http://www.konscience.de/2013/09/kns009-tof-tof-ms/";"KNS009 – ToF-ToF-MS";2;0,06;16
"2015-02";3301152;"https://flattr.com/thing/3301152/KNS024-Wie-kam-das-bloss-durch-die-Ethikkommission";"http://www.konscience.de/2014/08/kns024-wie-kam-das-bloss-durch-die-ethikkommission/";"KNS024 – Wie kam das bloß durch die Ethikkommission?";2;0,06;34
"2015-02";3273714;"https://flattr.com/thing/3273714/KNS022-Ameise-Pilz-Problem";"http://www.konscience.de/2014/06/kns022-ameise-pilz-problem/";"KNS022 – Ameise-Pilz-Problem";2;0,06;10
"2015-02";3273136;"https://flattr.com/thing/3273136/KNS019-Ein-Protein-sie-beide-zu-knechten";"http://www.konscience.de/2014/04/kns019-ein-protein-sie-beide-zu-knechten/";"KNS019 – Ein Protein sie beide zu knechten!";2;0,06;5
"2015-02";1720649;"https://flattr.com/thing/1720649/KNS008-Dinge-zwischen-Strato-und-Asthenosphre";"http://www.konscience.de/2013/07/kns008-dinge-zwischen-strato-und-asthenosphaere/";"KNS008 – Dinge zwischen Strato- und Asthenosphäre";2;0,06;11
"2015-02";3226863;"https://flattr.com/thing/3226863/KNS015-Erstmal-die-Chinchillas-ruhigstellen";"http://www.konscience.de/2014/02/kns015-erstmal-die-chinchillas-ruhigstellen/";"KNS015 – Erstmal die Chinchillas ruhigstellen";2;0,06;3
"2015-02";3213603;"https://flattr.com/thing/3213603/KNS018-Podcast-am-Ende-der-Nahrungskette";"http://www.konscience.de/2014/03/kns018-podcast-am-ende-der-nahrungskette/";"KNS018 – Podcast am Ende der Nahrungskette";2;0,06;4
"2015-02";3188342;"https://flattr.com/thing/3188342/KNS021-Frische-ESO-News";"http://www.konscience.de/2014/05/kns021-frische-eso-news/";"KNS021 – Frische ESO-News";2;0,06;9
"2015-02";1732286;"https://flattr.com/thing/1732286/KNS007-Sondersendung-Politik-und-Zeitgeschichte-Ostasiens";"http://www.konscience.de/2013/07/kns007-sondersendung-politik-und-zeitgeschichte-ostasiens/";"KNS007 – Sondersendung – Politik und Zeitgeschichte Ostasiens";2;0,06;3
"2015-02";2004418;"https://flattr.com/thing/2004418/KNS010-Katzenbeschftigungstherapie";"http://www.konscience.de/2013/09/kns010-katzenbeschaeftigungstherapie/";"KNS010 – Katzenbeschäftigungstherapie";2;0,06;16
"2015-02";2190996;"https://flattr.com/thing/2190996/KNS011-Ey-Alter-mach-Protein";"http://www.konscience.de/2013/11/kns011-ey-alter-mach-protein/";"KNS011 – Ey Alter, mach’ Protein!";2;0,06;16
"2015-02";2247081;"https://flattr.com/thing/2247081/KNS012-Tough-Times-All-Around";"http://www.konscience.de/2013/11/kns012-tough-times-all-around/";"KNS012 – Tough Times All Around";2;0,06;15
"2015-02";2339981;"https://flattr.com/thing/2339981/KNS013-Phnix-aus-der-Gammastrahlung";"http://www.konscience.de/2013/12/kns013-phoenix-aus-der-gammastrahlung/";"KNS013 – Phönix aus der Gammastrahlung";2;0,06;13
"2015-02";2462248;"https://flattr.com/thing/2462248/KNS014-Seesternzombies";"http://www.konscience.de/2014/01/kns014-seesternzombies/";"KNS014 – Seesternzombies";2;0,06;16
"2015-02";2707148;"https://flattr.com/thing/2707148/KNS017-Mrtyrer-gegen-Copyright";"http://www.konscience.de/2014/03/kns017-martyrer-gegen-copyright/";"KNS017 – Märtyrer gegen Copyright";2;0,06;12
"2015-02";2624176;"https://flattr.com/thing/2624176/KNS016-Sondersendung-Graduiertenschulen";"http://www.konscience.de/2014/02/kns016-sondersendung-graduiertenschulen/";"KNS016 – Sondersendung – Graduiertenschulen";2;0,06;6
"2015-02";3269194;"https://flattr.com/thing/3269194/KNS023-special-How-neural-networks-process-sensory-data-Giovanni-Galizia";"http://www.konscience.de/2014/06/kns023-special-how-neural-networks-process-sensory-data-giovanni-galizia/";"KNS023 special – How neural networks process sensory data (Giovanni Galizia)";1;0,02;6
"2015-02";3296189;"https://flattr.com/thing/3296189/KNS002-Podcast-Krabbelgruppe-und-Katrins-Projekt";"http://www.konscience.de/2013/04/kns002-podcast-krabbelgruppe-und-katrins-projekt/";"KNS002 – Podcast-Krabbelgruppe und Katrins Projekt";1;0,02;4
"2015-02";1330156;"https://flattr.com/thing/1330156/KNS003-Klarer-Fall-von-Anthropozn";"http://www.konscience.de/2013/05/kns003-klarer-fall-von-anthropozan/";"KNS003 – Klarer Fall von Anthropozän";1;0,02;15
"2015-02";1624263;"https://flattr.com/thing/1624263/KNS006-Nacktmulle-an-die-Macht";"http://www.konscience.de/2013/07/kns006-nacktmulle-an-die-macht/";"KNS006 – Nacktmulle an die Macht";1;0,02;17
"2015-02";1492271;"https://flattr.com/thing/1492271/KNS005-OMG-its-full-of-genetics";"http://www.konscience.de/2013/06/kns005-omg-its-full-of-genetics/";"KNS005 – OMG, it’s full of genetics!";1;0,02;13
"2015-03";3900104;"https://flattr.com/thing/3900104/KNS027-Agenten-der-Geomorphologie";"http://www.konscience.de/2015/02/kns027-agenten-der-geomorphologie/";"KNS027 Agenten der Geomorphologie";8;2,33;33
"2015-03";2991529;"https://flattr.com/thing/2991529/KNS020-Jubilumssendung-mit-Methodisch-inkorrekt";"http://www.konscience.de/2014/05/kns020-jubilaeumssendung-mit-methodisch-inkorrekt/";"KNS020 – Jubiläumssendung mit Methodisch inkorrekt";1;2,25;21
"2015-03";1208916;"https://flattr.com/thing/1208916/KonScience";"https://flattr.com/profile/KonScience";"KonScience";8;2,19;129
"2015-03";1214915;"https://flattr.com/thing/1214915/KonScience";"http://www.konscience.de/";"KonScience";12;1,95;325
"2015-03";3965642;"https://flattr.com/thing/3965642/KSL000-Knowledge-Communication-Back-to-the-Ears";"http://www.konscience.de/2015/01/ksl000-knowledge-communication-back-to-the-ears/";"KSL000 Knowledge Communication? Back to the Ears!";1;0,75;1
"2015-03";1368913;"https://flattr.com/thing/1368913/ber-uns";"http://www.konscience.de/uber-uns/";"Über uns";1;0,5;6
"2015-03";3729495;"https://flattr.com/thing/3729495/KNS026-Zeitlos";"http://www.konscience.de/2014/12/kns026-zeitlos/";"KNS026 – Zeitlos";3;0,49;36
"2015-03";3296189;"https://flattr.com/thing/3296189/KNS002-Podcast-Krabbelgruppe-und-Katrins-Projekt";"http://www.konscience.de/2013/04/kns002-podcast-krabbelgruppe-und-katrins-projekt/";"KNS002 – Podcast-Krabbelgruppe und Katrins Projekt";1;0,17;5
"2015-03";3665103;"https://flattr.com/thing/3665103/KonScienceSummarize-Flattr-Reports-on-GitHub";"http://github.com/KonScience/Summarize-Flattr-Reports";"KonScience/Summarize-Flattr-Reports on GitHub";1;0,13;9
"2015-04";4139236;"https://flattr.com/thing/4139236/KNS028-Der-Tod-auf-der-zweiten-Seite-von-Google";"http://www.konscience.de/2015/04/kns028-der-tod-auf-der-zweiten-seite-von-google/";"KNS028 Der Tod auf der zweiten Seite von Google";23;6,39;28
"2015-04";1208916;"https://flattr.com/thing/1208916/KonScience";"https://flattr.com/profile/KonScience";"KonScience";7;2,06;136
"2015-04";1214915;"https://flattr.com/thing/1214915/KonScience";"http://www.konscience.de/";"KonScience";11;1,77;335
"2015-04";3729495;"https://flattr.com/thing/3729495/KNS026-Zeitlos";"http://www.konscience.de/2014/12/kns026-zeitlos/";"KNS026 – Zeitlos";1;0,45;36
"2015-04";4123848;"https://flattr.com/thing/4123848/KSL001-Micro-structure-of-bacteria-induced-Achnanthidium-minutissimum-capsules";"http://www.konscience.de/2015/04/ksl001-micro-structure-of-bacteria-induced-achnanthidium-minutissimum-capsules/";"KSL001 Micro-structure of bacteria-induced Achnanthidium minutissimum capsules";2;0,33;4
"2015-04";3665103;"https://flattr.com/thing/3665103/KonScienceSummarize-Flattr-Reports-on-GitHub";"http://github.com/KonScience/Summarize-Flattr-Reports";"KonScience/Summarize-Flattr-Reports on GitHub";1;0,17;10
"2015-04";1224259;"https://flattr.com/thing/1224259/KNS000-Teaser";"http://www.konscience.de/2013/03/kns000-teaser/";"KNS000 – Teaser";1;0,09;19
"2015-04";3269368;"https://flattr.com/thing/3269368/KNS001-Der-Anfang-ist-gemacht";"http://www.konscience.de/2013/04/kns001-der-anfang-ist-gemacht/";"KNS001 – Der Anfang ist gemacht";1;0,09;8
"2015-04";1732286;"https://flattr.com/thing/1732286/KNS007-Sondersendung-Politik-und-Zeitgeschichte-Ostasiens";"http://www.konscience.de/2013/07/kns007-sondersendung-politik-und-zeitgeschichte-ostasiens/";"KNS007 – Sondersendung – Politik und Zeitgeschichte Ostasiens";1;0,06;5
"2015-04";2247081;"https://flattr.com/thing/2247081/KNS012-Tough-Times-All-Around";"http://www.konscience.de/2013/11/kns012-tough-times-all-around/";"KNS012 – Tough Times All Around";1;0,06;16
"2015-05";4139236;"https://flattr.com/thing/4139236/KNS028-Der-Tod-auf-der-zweiten-Seite-von-Google";"http://www.konscience.de/2015/04/kns028-der-tod-auf-der-zweiten-seite-von-google/";"KNS028 Der Tod auf der zweiten Seite von Google";6;1,94;31
"2015-05";1214915;"https://flattr.com/thing/1214915/KonScience";"http://www.konscience.de/";"KonScience";10;1,32;344
"2015-05";1208916;"https://flattr.com/thing/1208916/KonScience";"https://flattr.com/profile/KonScience";"KonScience";6;1,02;141
"2015-05";1368913;"https://flattr.com/thing/1368913/ber-uns";"http://www.konscience.de/uber-uns/";"Über uns";1;0,36;7
"2015-05";4123848;"https://flattr.com/thing/4123848/KSL001-Micro-structure-of-bacteria-induced-Achnanthidium-minutissimum-capsules";"http://www.konscience.de/2015/04/ksl001-micro-structure-of-bacteria-induced-achnanthidium-minutissimum-capsules/";"KSL001 Micro-structure of bacteria-induced Achnanthidium minutissimum capsules";2;0,23;4
"2015-05";3665103;"https://flattr.com/thing/3665103/KonScienceSummarize-Flattr-Reports-on-GitHub";"http://github.com/KonScience/Summarize-Flattr-Reports";"KonScience/Summarize-Flattr-Reports on GitHub";1;0,18;11
"2015-05";3900104;"https://flattr.com/thing/3900104/KNS027-Agenten-der-Geomorphologie";"http://www.konscience.de/2015/02/kns027-agenten-der-geomorphologie/";"KNS027 Agenten der Geomorphologie";1;0,08;34
"2015-05";1907199;"https://flattr.com/thing/1907199/KNS009-ToF-ToF-MS";"http://www.konscience.de/2013/09/kns009-tof-tof-ms/";"KNS009 – ToF-ToF-MS";1;0,06;18
"2015-05";1720649;"https://flattr.com/thing/1720649/KNS008-Dinge-zwischen-Strato-und-Asthenosphre";"http://www.konscience.de/2013/07/kns008-dinge-zwischen-strato-und-asthenosphaere/";"KNS008 – Dinge zwischen Strato- und Asthenosphäre";1;0,06;13
"2015-05";2004418;"https://flattr.com/thing/2004418/KNS010-Katzenbeschftigungstherapie";"http://www.konscience.de/2013/09/kns010-katzenbeschaeftigungstherapie/";"KNS010 – Katzenbeschäftigungstherapie";1;0,06;18
"2015-05";3296189;"https://flattr.com/thing/3296189/KNS002-Podcast-Krabbelgruppe-und-Katrins-Projekt";"http://www.konscience.de/2013/04/kns002-podcast-krabbelgruppe-und-katrins-projekt/";"KNS002 – Podcast-Krabbelgruppe und Katrins Projekt";1;0,04;7
"2015-05";3269368;"https://flattr.com/thing/3269368/KNS001-Der-Anfang-ist-gemacht";"http://www.konscience.de/2013/04/kns001-der-anfang-ist-gemacht/";"KNS001 – Der Anfang ist gemacht";1;0,04;9
"2015-05";1330156;"https://flattr.com/thing/1330156/KNS003-Klarer-Fall-von-Anthropozn";"http://www.konscience.de/2013/05/kns003-klarer-fall-von-anthropozan/";"KNS003 – Klarer Fall von Anthropozän";1;0,04;16
"2015-05";1224259;"https://flattr.com/thing/1224259/KNS000-Teaser";"http://www.konscience.de/2013/03/kns000-teaser/";"KNS000 – Teaser";1;0,04;19
"2015-05";1624263;"https://flattr.com/thing/1624263/KNS006-Nacktmulle-an-die-Macht";"http://www.konscience.de/2013/07/kns006-nacktmulle-an-die-macht/";"KNS006 – Nacktmulle an die Macht";1;0,04;18
"2015-05";1492271;"https://flattr.com/thing/1492271/KNS005-OMG-its-full-of-genetics";"http://www.konscience.de/2013/06/kns005-omg-its-full-of-genetics/";"KNS005 – OMG, it’s full of genetics!";1;0,04;14
"2015-05";1397469;"https://flattr.com/thing/1397469/KNS004-Wirbeltiere-haben-Rckgrat";"http://www.konscience.de/2013/05/kns004-wirbeltiere-haben-ruckgrat/";"KNS004 – Wirbeltiere haben Rückgrat";1;0,04;16
"2015-05";1732286;"https://flattr.com/thing/1732286/KNS007-Sondersendung-Politik-und-Zeitgeschichte-Ostasiens";"http://www.konscience.de/2013/07/kns007-sondersendung-politik-und-zeitgeschichte-ostasiens/";"KNS007 – Sondersendung – Politik und Zeitgeschichte Ostasiens";1;0,04;5
"2015-06";1208916;"https://flattr.com/thing/1208916/KonScience";"https://flattr.com/profile/KonScience";"KonScience";8;3,33;152
"2015-06";4346820;"https://flattr.com/thing/4346820/KNS029-Knusper-Knusper-CRISPR-Wer-editiert-meine-DNA";"http://www.konscience.de/2015/06/kns029-knusper-knusper-crispr-wer-editiert-meine-dna/";"KNS029 Knusper, Knusper, CRISPR! Wer editiert meine DNA?";8;2,48;18
"2015-06";1214915;"https://flattr.com/thing/1214915/KonScience";"http://www.konscience.de/";"KonScience";9;1,34;353
"2015-06";4139236;"https://flattr.com/thing/4139236/KNS028-Der-Tod-auf-der-zweiten-Seite-von-Google";"http://www.konscience.de/2015/04/kns028-der-tod-auf-der-zweiten-seite-von-google/";"KNS028 Der Tod auf der zweiten Seite von Google";4;1,17;33
"2015-06";2991529;"https://flattr.com/thing/2991529/KNS020-Jubilumssendung-mit-Methodisch-inkorrekt";"http://www.konscience.de/2014/05/kns020-jubilaeumssendung-mit-methodisch-inkorrekt/";"KNS020 – Jubiläumssendung mit Methodisch inkorrekt";1;0,65;22
"2015-06";3665103;"https://flattr.com/thing/3665103/KonScienceSummarize-Flattr-Reports-on-GitHub";"http://github.com/KonScience/Summarize-Flattr-Reports";"KonScience/Summarize-Flattr-Reports on GitHub";1;0,22;12
"2015-06";3296189;"https://flattr.com/thing/3296189/KNS002-Podcast-Krabbelgruppe-und-Katrins-Projekt";"http://www.konscience.de/2013/04/kns002-podcast-krabbelgruppe-und-katrins-projekt/";"KNS002 – Podcast-Krabbelgruppe und Katrins Projekt";1;0,17;8
"2015-06";3269368;"https://flattr.com/thing/3269368/KNS001-Der-Anfang-ist-gemacht";"http://www.konscience.de/2013/04/kns001-der-anfang-ist-gemacht/";"KNS001 – Der Anfang ist gemacht";1;0,17;10
"2015-06";2190996;"https://flattr.com/thing/2190996/KNS011-Ey-Alter-mach-Protein";"http://www.konscience.de/2013/11/kns011-ey-alter-mach-protein/";"KNS011 – Ey Alter, mach’ Protein!";2;0,1;18
"2015-06";3301152;"https://flattr.com/thing/3301152/KNS024-Wie-kam-das-bloss-durch-die-Ethikkommission";"http://www.konscience.de/2014/08/kns024-wie-kam-das-bloss-durch-die-ethikkommission/";"KNS024 – Wie kam das bloß durch die Ethikkommission?";1;0,05;35
"2015-06";3273714;"https://flattr.com/thing/3273714/KNS022-Ameise-Pilz-Problem";"http://www.konscience.de/2014/06/kns022-ameise-pilz-problem/";"KNS022 – Ameise-Pilz-Problem";1;0,05;11
"2015-06";3226863;"https://flattr.com/thing/3226863/KNS015-Erstmal-die-Chinchillas-ruhigstellen";"http://www.konscience.de/2014/02/kns015-erstmal-die-chinchillas-ruhigstellen/";"KNS015 – Erstmal die Chinchillas ruhigstellen";1;0,03;4
"2015-06";1720649;"https://flattr.com/thing/1720649/KNS008-Dinge-zwischen-Strato-und-Asthenosphre";"http://www.konscience.de/2013/07/kns008-dinge-zwischen-strato-und-asthenosphaere/";"KNS008 – Dinge zwischen Strato- und Asthenosphäre";1;0,03;14
"2015-06";2462248;"https://flattr.com/thing/2462248/KNS014-Seesternzombies";"http://www.konscience.de/2014/01/kns014-seesternzombies/";"KNS014 – Seesternzombies";1;0,03;17
"2015-06";2339981;"https://flattr.com/thing/2339981/KNS013-Phnix-aus-der-Gammastrahlung";"http://www.konscience.de/2013/12/kns013-phoenix-aus-der-gammastrahlung/";"KNS013 – Phönix aus der Gammastrahlung";1;0,03;14
"2015-06";2247081;"https://flattr.com/thing/2247081/KNS012-Tough-Times-All-Around";"http://www.konscience.de/2013/11/kns012-tough-times-all-around/";"KNS012 – Tough Times All Around";1;0,03;17
"2015-06";2004418;"https://flattr.com/thing/2004418/KNS010-Katzenbeschftigungstherapie";"http://www.konscience.de/2013/09/kns010-katzenbeschaeftigungstherapie/";"KNS010 – Katzenbeschäftigungstherapie";1;0,03;18
"2015-06";1907199;"https://flattr.com/thing/1907199/KNS009-ToF-ToF-MS";"http://www.konscience.de/2013/09/kns009-tof-tof-ms/";"KNS009 – ToF-ToF-MS";1;0,03;19
"2015-06";2624176;"https://flattr.com/thing/2624176/KNS016-Sondersendung-Graduiertenschulen";"http://www.konscience.de/2014/02/kns016-sondersendung-graduiertenschulen/";"KNS016 – Sondersendung – Graduiertenschulen";1;0,03;7
"2015-07";4346820;"https://flattr.com/thing/4346820/KNS029-Knusper-Knusper-CRISPR-Wer-editiert-meine-DNA";"http://www.konscience.de/2015/06/kns029-knusper-knusper-crispr-wer-editiert-meine-dna/";"KNS029 Knusper, Knusper, CRISPR! Wer editiert meine DNA?";13;4,23;21
"2015-07";1208916;"https://flattr.com/thing/1208916/KonScience";"https://flattr.com/profile/KonScience";"KonScience";11;3,58;164
"2015-07";1214915;"https://flattr.com/thing/1214915/KonScience";"http://www.konscience.de/";"KonScience";10;1,56;364
"2015-07";3665103;"https://flattr.com/thing/3665103/KonScienceSummarize-Flattr-Reports-on-GitHub";"http://github.com/KonScience/Summarize-Flattr-Reports";"KonScience/Summarize-Flattr-Reports on GitHub";2;0,67;15
"2015-07";4139236;"https://flattr.com/thing/4139236/KNS028-Der-Tod-auf-der-zweiten-Seite-von-Google";"http://www.konscience.de/2015/04/kns028-der-tod-auf-der-zweiten-seite-von-google/";"KNS028 Der Tod auf der zweiten Seite von Google";1;0,38;34
"2015-07";3213603;"https://flattr.com/thing/3213603/KNS018-Podcast-am-Ende-der-Nahrungskette";"http://www.konscience.de/2014/03/kns018-podcast-am-ende-der-nahrungskette/";"KNS018 – Podcast am Ende der Nahrungskette";1;0,25;5
"2015-07";2462248;"https://flattr.com/thing/2462248/KNS014-Seesternzombies";"http://www.konscience.de/2014/01/kns014-seesternzombies/";"KNS014 – Seesternzombies";1;0,12;18
"2015-07";2624176;"https://flattr.com/thing/2624176/KNS016-Sondersendung-Graduiertenschulen";"http://www.konscience.de/2014/02/kns016-sondersendung-graduiertenschulen/";"KNS016 – Sondersendung – Graduiertenschulen";1;0,12;8
"2015-07";3226863;"https://flattr.com/thing/3226863/KNS015-Erstmal-die-Chinchillas-ruhigstellen";"http://www.konscience.de/2014/02/kns015-erstmal-die-chinchillas-ruhigstellen/";"KNS015 – Erstmal die Chinchillas ruhigstellen";1;0,12;5
"2015-07";3269368;"https://flattr.com/thing/3269368/KNS001-Der-Anfang-ist-gemacht";"http://www.konscience.de/2013/04/kns001-der-anfang-ist-gemacht/";"KNS001 – Der Anfang ist gemacht";1;0,12;10
"2015-07";3296189;"https://flattr.com/thing/3296189/KNS002-Podcast-Krabbelgruppe-und-Katrins-Projekt";"http://www.konscience.de/2013/04/kns002-podcast-krabbelgruppe-und-katrins-projekt/";"KNS002 – Podcast-Krabbelgruppe und Katrins Projekt";1;0,12;8
"2015-07";1224259;"https://flattr.com/thing/1224259/KNS000-Teaser";"http://www.konscience.de/2013/03/kns000-teaser/";"KNS000 – Teaser";1;0,12;20
"2015-07";2339981;"https://flattr.com/thing/2339981/KNS013-Phnix-aus-der-Gammastrahlung";"http://www.konscience.de/2013/12/kns013-phoenix-aus-der-gammastrahlung/";"KNS013 – Phönix aus der Gammastrahlung";1;0,12;15
"2015-07";2004418;"https://flattr.com/thing/2004418/KNS010-Katzenbeschftigungstherapie";"http://www.konscience.de/2013/09/kns010-katzenbeschaeftigungstherapie/";"KNS010 – Katzenbeschäftigungstherapie";1;0,12;19
"2015-07";1330156;"https://flattr.com/thing/1330156/KNS003-Klarer-Fall-von-Anthropozn";"http://www.konscience.de/2013/05/kns003-klarer-fall-von-anthropozan/";"KNS003 – Klarer Fall von Anthropozän";1;0,12;17
"2015-07";1397469;"https://flattr.com/thing/1397469/KNS004-Wirbeltiere-haben-Rckgrat";"http://www.konscience.de/2013/05/kns004-wirbeltiere-haben-ruckgrat/";"KNS004 – Wirbeltiere haben Rückgrat";1;0,12;17
"2015-07";1492271;"https://flattr.com/thing/1492271/KNS005-OMG-its-full-of-genetics";"http://www.konscience.de/2013/06/kns005-omg-its-full-of-genetics/";"KNS005 – OMG, it’s full of genetics!";1;0,12;15
"2015-07";2247081;"https://flattr.com/thing/2247081/KNS012-Tough-Times-All-Around";"http://www.konscience.de/2013/11/kns012-tough-times-all-around/";"KNS012 – Tough Times All Around";1;0,12;18
"2015-07";1624263;"https://flattr.com/thing/1624263/KNS006-Nacktmulle-an-die-Macht";"http://www.konscience.de/2013/07/kns006-nacktmulle-an-die-macht/";"KNS006 – Nacktmulle an die Macht";1;0,12;19
"2015-07";1720649;"https://flattr.com/thing/1720649/KNS008-Dinge-zwischen-Strato-und-Asthenosphre";"http://www.konscience.de/2013/07/kns008-dinge-zwischen-strato-und-asthenosphaere/";"KNS008 – Dinge zwischen Strato- und Asthenosphäre";1;0,12;14
"2015-07";1732286;"https://flattr.com/thing/1732286/KNS007-Sondersendung-Politik-und-Zeitgeschichte-Ostasiens";"http://www.konscience.de/2013/07/kns007-sondersendung-politik-und-zeitgeschichte-ostasiens/";"KNS007 – Sondersendung – Politik und Zeitgeschichte Ostasiens";1;0,12;6
"2015-07";1907199;"https://flattr.com/thing/1907199/KNS009-ToF-ToF-MS";"http://www.konscience.de/2013/09/kns009-tof-tof-ms/";"KNS009 – ToF-ToF-MS";1;0,12;19
"2015-07";3273714;"https://flattr.com/thing/3273714/KNS022-Ameise-Pilz-Problem";"http://www.konscience.de/2014/06/kns022-ameise-pilz-problem/";"KNS022 – Ameise-Pilz-Problem";1;0,09;12
"2015-08";1208916;"https://flattr.com/thing/1208916/KonScience";"https://flattr.com/profile/KonScience";"KonScience";10;3,44;174
"2015-08";1214915;"https://flattr.com/thing/1214915/KonScience";"http://www.konscience.de/";"KonScience";10;1,68;373
"2015-08";4346820;"https://flattr.com/thing/4346820/KNS029-Knusper-Knusper-CRISPR-Wer-editiert-meine-DNA";"http://www.konscience.de/2015/06/kns029-knusper-knusper-crispr-wer-editiert-meine-dna/";"KNS029 Knusper, Knusper, CRISPR! Wer editiert meine DNA?";3;0,9;24
"2015-08";3665103;"https://flattr.com/thing/3665103/KonScienceSummarize-Flattr-Reports-on-GitHub";"http://github.com/KonScience/Summarize-Flattr-Reports";"KonScience/Summarize-Flattr-Reports on GitHub";2;0,61;17
"2015-08";1368913;"https://flattr.com/thing/1368913/ber-uns";"http://www.konscience.de/uber-uns/";"Über uns";1;0,45;8
"2015-08";3273136;"https://flattr.com/thing/3273136/KNS019-Ein-Protein-sie-beide-zu-knechten";"http://www.konscience.de/2014/04/kns019-ein-protein-sie-beide-zu-knechten/";"KNS019 – Ein Protein sie beide zu knechten!";2;0,39;7
"2015-08";3188342;"https://flattr.com/thing/3188342/KNS021-Frische-ESO-News";"http://www.konscience.de/2014/05/kns021-frische-eso-news/";"KNS021 – Frische ESO-News";2;0,39;11
"2015-08";2991529;"https://flattr.com/thing/2991529/KNS020-Jubilumssendung-mit-Methodisch-inkorrekt";"http://www.konscience.de/2014/05/kns020-jubilaeumssendung-mit-methodisch-inkorrekt/";"KNS020 – Jubiläumssendung mit Methodisch inkorrekt";2;0,39;24
"2015-08";3301152;"https://flattr.com/thing/3301152/KNS024-Wie-kam-das-bloss-durch-die-Ethikkommission";"http://www.konscience.de/2014/08/kns024-wie-kam-das-bloss-durch-die-ethikkommission/";"KNS024 – Wie kam das bloß durch die Ethikkommission?";2;0,38;37
"2015-08";3460866;"https://flattr.com/thing/3460866/KNS025-Flucht-nach-vorn-in-die-Botanik";"http://www.konscience.de/2014/09/kns025-flucht-nach-vorn-in-die-botanik/";"KNS025 – Flucht nach vorn in die Botanik";2;0,38;45
"2015-08";3273714;"https://flattr.com/thing/3273714/KNS022-Ameise-Pilz-Problem";"http://www.konscience.de/2014/06/kns022-ameise-pilz-problem/";"KNS022 – Ameise-Pilz-Problem";1;0,27;13
"2015-08";3729495;"https://flattr.com/thing/3729495/KNS026-Zeitlos";"http://www.konscience.de/2014/12/kns026-zeitlos/";"KNS026 – Zeitlos";1;0,23;37
"2015-08";3213603;"https://flattr.com/thing/3213603/KNS018-Podcast-am-Ende-der-Nahrungskette";"http://www.konscience.de/2014/03/kns018-podcast-am-ende-der-nahrungskette/";"KNS018 – Podcast am Ende der Nahrungskette";2;0,21;7
"2015-08";2707148;"https://flattr.com/thing/2707148/KNS017-Mrtyrer-gegen-Copyright";"http://www.konscience.de/2014/03/kns017-martyrer-gegen-copyright/";"KNS017 – Märtyrer gegen Copyright";2;0,21;14
"2015-08";1224259;"https://flattr.com/thing/1224259/KNS000-Teaser";"http://www.konscience.de/2013/03/kns000-teaser/";"KNS000 – Teaser";1;0,18;21
"2015-08";3269368;"https://flattr.com/thing/3269368/KNS001-Der-Anfang-ist-gemacht";"http://www.konscience.de/2013/04/kns001-der-anfang-ist-gemacht/";"KNS001 – Der Anfang ist gemacht";1;0,18;11
"2015-09";1208916;"https://flattr.com/thing/1208916/KonScience";"https://flattr.com/profile/KonScience";"KonScience";12;5,74;185
"2015-09";1214915;"https://flattr.com/thing/1214915/KonScience";"http://www.konscience.de/";"KonScience";10;2,65;382
"2015-09";4720707;"https://flattr.com/thing/4720707/KNS030-Betreutes-berleben";"http://www.konscience.de/2015/09/kns030-betreutes-ueberleben/";"KNS030 Betreutes Überleben";8;1,64;18
"2015-09";4673153;"https://flattr.com/thing/4673153/KSL003-Markdown-for-BioScientists";"http://www.konscience.de/2015/09/ksl003-markdown-for-bioscientists/";"KSL003 Markdown for (Bio)Scientists";7;0,9;8
"2015-09";3665103;"https://flattr.com/thing/3665103/KonScienceSummarize-Flattr-Reports-on-GitHub";"http://github.com/KonScience/Summarize-Flattr-Reports";"KonScience/Summarize-Flattr-Reports on GitHub";2;0,67;18
"2015-09";4708612;"https://flattr.com/thing/4708612/KNS016-Sondersendung-Graduiertenschulen";"http://www.konscience.de/2014/02/11/kns016-sondersendung-graduiertenschulen/";"KNS016 – Sondersendung – Graduiertenschulen";1;0,27;1
"2015-09";1330156;"https://flattr.com/thing/1330156/KNS003-Klarer-Fall-von-Anthropozn";"http://www.konscience.de/2013/05/kns003-klarer-fall-von-anthropozan/";"KNS003 – Klarer Fall von Anthropozän";1;0,1;18
"2015-10";1208916;"https://flattr.com/thing/1208916/KonScience";"https://flattr.com/profile/KonScience";"KonScience";10;4,32;200
"2015-10";4720707;"https://flattr.com/thing/4720707/KNS030-Betreutes-berleben";"http://www.konscience.de/2015/09/kns030-betreutes-ueberleben/";"KNS030 Betreutes Überleben";12;3,05;21
"2015-10";1214915;"https://flattr.com/thing/1214915/KonScience";"http://www.konscience.de/";"KonScience";8;2,19;389
"2015-10";4673153;"https://flattr.com/thing/4673153/KSL003-Markdown-for-BioScientists";"http://www.konscience.de/2015/09/ksl003-markdown-for-bioscientists/";"KSL003 Markdown for (Bio)Scientists";1;0,26;8
"2015-10";3665103;"https://flattr.com/thing/3665103/KonScienceSummarize-Flattr-Reports-on-GitHub";"http://github.com/KonScience/Summarize-Flattr-Reports";"KonScience/Summarize-Flattr-Reports on GitHub";1;0,19;19
